@book{acar2018,
    title = { A Survey on Homomorphic Encryption Schemes: Theory and Implementation },
    author = { ABBAS ACAR, HIDAYET AKSU, and A. SELCUK ULUAGAC, MAURO CONTI},
    year = { July 2018 },
    publisher = { Association for Computing Machinery }
}

@book{khalimov2022,
    title = { Encryption Scheme Based on the Generalized Suzuki 2-groups and Homomorphic Encryption },
    author = { Gennady Khalimov, Yevgen Kotukh, Sang-Yoon Chang, Yaroslav Balytskyi, Maksym Kolisnyk, Svitlana Khalimova, and Oleksandr Marukhnenko},
    year = { 2022 }
}

@book{buell2024,
    title = { Grundlagen der Kryptographie },
    author = { Duncan Buell},
    year = { 2024 },
    isbn = { 978-3-031-50432-7 },
    publisher = { Springer Vieweg }
}