
@article{einstein1905,
  author  = {Albert Einstein},
  title   = {Zur Elektrodynamik bewegter KÃ¶rper},
  journal = {Annalen der Physik},
  year    = {1905},
  volume  = {17},
  number  = {10},
  pages   = {891--921}
}

@book{knuth1984,
  author    = {Donald E. Knuth},
  title     = {The TeXbook},
  publisher = {Addison-Wesley},
  year      = {1984}
}

